%% This BibTeX bibliography file was created using BibDesk.
%% http://bibdesk.sourceforge.net/


%% Created for Patric Jensfelt at 2014-08-23 22:39:14 +0200 


%% Saved with string encoding Unicode (UTF-8) 



@book{RussellNorvigAIBook3rd,
  author        = {Stuart J. Russell and Peter Norvig},
  date-added    = {2014-08-23 20:37:06 +0000},
  date-modified = {2014-08-23 20:38:47 +0000},
  edition       = {3rd},
  number        = {ISBN 978-0-13-207148-2},
  publisher     = {Pearson Education},
  title         = {Artificial Intelligence - A Modern Approach},
  year          = {2010}
}
